@article{Israeli2002,
  author = "Eitan Israeli and R. Kevin Wood",
  title = "Shortest-path network interdiction",
  journal = "Networks",
  volume = "40",
  pages = "97--111",
  year = "2002",
  doi = "10.1002/net.10039"
}

@misc{codebase,
  author       = "{HGLM}",
  title        = "{CRP Toolkit -- IJCAI-25}",
  year         = "2025",
  howpublished = "\url{https://github.com/alukrogi/graph-optimization}"
}

@article{browne-et-al:survey-mcts,
  author  = "Cameron B. Browne and Edward Powley and Daniel Whitehouse and Simon M. Lucas and Peter I. Cowling and Philipp Rohlfshagen and Stephen Tavener and Diego Perez and Spyridon Samothrakis and Simon Colton",
  title   = "{A Survey of Monte Carlo Tree Search Methods}",
  journal = "IEEE Transactions on Computational Intelligence and AI in Games",
  volume  = "4",
  number  = "1",
  pages   = "1--43",
  month   = "March",
  year    = "2012",
  doi     = "10.1109/TCIAIG.2012.2186810"
}

@incollection{pisinger-ropke:lns,
  author       = "David Pisinger and Stefan R{\o}pke",
  title        = "{Large Neighborhood Search}",
  editor       = "Michel Gendreau",
  booktitle    = "Handbook of Metaheuristics",
  edition      = "2nd",
  pages        = "399--420",
  publisher    = "Springer",
  year         = "2010",
  url          = "https://orbit.dtu.dk/en/publications/large-neighborhood-search"
}